@book{Baltzan:2012,
  title = {Sistemas de Informa{\c{c}}{\~a}o},
  author = {Baltzan, P. and Phillips, A.},
  isbn = {9788580550764},
  url = {https://books.google.com.br/books?id=NJkR83DSkPYC},
  year = {2012},
  publisher = {McGraw Hill Brasil}
}

@book{Audy:2009,
  title = {Fundamentos de Sistemas de Informa{\c{c}}{\~a}o},
  author = {Audy, J.L.N. and de Andrade, G.K. and Cidral, A.},
  isbn = {9788577801305},
  url = {https://books.google.com.br/books?id=Hjx2d6hLoK4C},
  year = {2009},
  publisher = {Bookman}
}


@book{Young&Freedman:2009,
	author = "{Hugh D. Young, Roger A. Freedman}",
	edition = "{12º}",
	publisher = "{Pearson}",
	title = "{Física III - Eletromagnetismo}",
	year = "{2009}"
}

@article{movimento:2015,
	author = "{Portal da Refrigeração}",
	journal = "http://www.refrigeracao.net/Cursos/eletricidade/eletricidade\_3.html",
	title = "A eletricidade",
	year = "{Acessado em 2016}"
}


@article{maleta1-101:2016,
	author = "{Snap Circuits}",
	journal = "https://drive.google.com/file/d/0B15tNuqii6LrRk5yUUo0bUZaZ1k/",
	title = "Electronic Snap Circuits - Experiments 1-101",
	year = "{Acessado em 2016}"
}

@article{videoConduIso:2016,
	author = "{Daniel Cubero}",
	journal = "https://www.youtube.com/watch?v=CNUAkUJZM1E",
	title = "Condutividade dos materiais",
	year = "{Acessado em 2016}"
}

@article{videoUrso:2016,
	author = "{Ferdinand Lutz}",
	journal = "https://www.youtube.com/watch?v=6SRTQbBjrFs",
	title = "A importância de manter o foco!",
	year = "{Acessado em 2016}"
}


@manual{74HC595:2015,
  title        = "{M74HC595 - 8 bit Shift Register With Output Latches (3 State)}",
  author       = "STMicroelectronics",
  year         = 2004,
}

@InCollection{boulic:91,
  author = 	 "R. Boulic and O. Renault",
  title = 	 "{3D Hierarchies for Animation}",
  booktitle = 	 "{New Trends in Animation and Visualization}",
  publisher =    "{John Wiley "{\&}"Sons ltd.}",
  year = 	 "{1991}",
  editor = 	 "{Nadia Magnenat-Thalmann and Daniel Thalmann}"
}
